@book{compiladores2008,
  title={Compiladores: princ{\'\i}pios, t{\'e}cnicas e ferramentas},
  author={AHO, A.V. and Sethi, R. and Lam, S.},
  isbn={9788588639249},
  year={2008},
  publisher={LONGMAN DO BRASIL}
}

@misc{minic,
	title = {{MiniC Grammar}},
	howpublished = "\url{http://www2.ufersa.edu.br/portal/view/uploads/setores/184/AppendixA.pdf}",
	note = "[Acessado em 20 de agosto de 2016]"
}

@misc{yacc1995,
	author = {Jutta Degener},
	title = {{ANSI C Yacc grammar}},
	howpublished = "\url{http://www.lysator.liu.se/(nobg)/c/ANSI-C-grammar-y.html}",
	note = "[Acessado em 20 de agosto de 2016]"
}

@misc{gnuc,
	title = {{The GNU C Reference Manual}},
	howpublished = "\url{https://www.gnu.org/software/gnu-c-manual/gnu-c-manual.html}",
	note = "[Acessado em 20 de agosto de 2016]"
}

@misc{flexmanual,
	title = {{Lexical Analysis With Flex}},
	howpublished = "\url{http://flex.sourceforge.net/manual/}",
	note = "[Acessado em 31 de agosto de 2016]"
}



@misc{cplusplus,
	title = {{C string lib reference}},
	howpublished = "\url{http://www.cplusplus.com/reference/cstring/}",
	note = "[Acessado em 20 de agosto de 2016]"
}

@Article{ahocorasick1975,
    title = "Efficient String Matching: An Aid to Bibliographic Search",
    author =    "Alfred V. Aho and Margaret J. Corasick",
    journal =   "Communications of the ACM",
    year =  "1975",
    number =    "6",
    volume =    "18",
    note =   "Artigo disponibilizado no Aprender.",
}

@Book{clrs09,
	author =	"Thomas H. Cormen and Charles E. Leiserson and Ronald
	L. Rivest and Clifford Stein",
	title =	"{I}ntroduction to {A}lgorithms",
	publisher =	"The MIT Press",
	year = 	"2009",
	edition =	"3",
	ISBN = 	"0262033844",
}


Efficient String Matching: An Aid to Bibliographic Search
Alfred V. Aho and Margaret J. Corasick
Bell Laboratories
This paper describes a simple, efficient algorithm to
locate all occurrences of any of a finite n